%% This BibTeX bibliography file was created using BibDesk.
%% http://bibdesk.sourceforge.net/


%% Created for Claudio Beccari at 2017-10-17 10:48:16 +0200 


%% Saved with string encoding Unicode (UTF-8) 



@article{art:GregorioTUB-ubuntu,
	Author = {Enrico Gregorio},
	Date-Added = {2017-10-17 08:47:34 +0000},
	Date-Modified = {2017-10-17 08:47:34 +0000},
	Journal = {{TUGboat}},
	Number = {1},
	Pages = {56-61},
	Title = {Installing TeX Live 2010 on Ubuntu},
	Volume = {32},
	Year = {2011}}

@book{lamport1994latex,
	Author = {Lamport, Leslie},
	Publisher = {Addison-Wesley},
	Title = {Latex},
	Year = {1994}}

@article{hertel2010writing,
	Author = {Hertel, Peter},
	Publisher = {Citeseer},
	Title = {Writing Articles with LATEX},
	Year = {2010}}

@misc{fear2005publication,
	Author = {Fear, Simon},
	Title = {Publication quality tables in LATEX},
	Year = {2005}}

@mastersthesis{Sim90,
	Author = {A. Simoni\v{c}},
	School = {Univerza v Ljubljani, FNT, Oddelek za Matematiko},
	Title = {Grupe Operatorjev s Pozitivnim Spektrom},
	Year = {1990}}

@unpublished{Sim91,
	Author = {A. Simoni\v{c}},
	Note = {Lecture Notes, Dalhousie University, Department of Mathematics, Statistics, \& Computing Science},
	Title = {Notes on {Subharmonic} {Functions}},
	Year = {1991}}

@article{Sim92,
	Author = {A. Simoni\v{c}},
	Journal = {Linear Algebra Appl.},
	Pages = {57-76},
	Title = {Matrix {Groups} with {Positive} {Spectra}},
	Volume = {173},
	Year = {1992}}

@phdthesis{Sim94,
	Author = {A. Simoni\v{c}},
	School = {Dalhousie University, Department of Mathematics, Statistics, \& Computing Science},
	Title = {An {Extension} of {Lomonosov's} {Techniques} to {Non}-{Compact} {Operators}},
	Year = {1994}}

@article{Sim96a,
	Author = {A. Simoni\v{c}},
	Journal = {Pacific J. Math.},
	Pages = {257-270},
	Title = {A {Construction} of {Lomonosov} {Functions} and {Applications} to the {Invariant} {Subspace} {Problem}},
	Volume = {175},
	Year = {1996}}
